<?xml version="1.0" encoding="UTF-8"?><collection xmlns="http://www.loc.gov/MARC21/slim"><record><leader>00415nam--2200133-i-4500</leader><controlfield tag="001">000001806</controlfield><controlfield tag="002">20161230</controlfield><controlfield tag="005">20161230201024</controlfield><controlfield tag="008">060222s1000------------r-----000-0-eng-d</controlfield><datafield ind1=" " ind2=" " tag="080"><subfield code="a">541</subfield></datafield><datafield ind1=" " ind2=" " tag="100"><subfield code="a">Gliemann, Gunter,. Schlafer, Hans L</subfield></datafield><datafield ind1=" " ind2=" " tag="245"><subfield code="a">Einfuhrung in die ligandfeldtheorie.mit 147 abbildungen und 63 tabellen</subfield></datafield><datafield ind1=" " ind2=" " tag="260"><subfield code="a">Frankfurt, Main, Akademische Verlagsgesellschaft, 1967. Xiv + 535 P</subfield></datafield><datafield ind1=" " ind2=" " tag="852"><subfield code="a">27748</subfield></datafield></record></collection>